% Encoding: UTF-8

@Book{Gitman2012,
  author    = {Gitman, Dmitri Maximovitch and Tyutin, Igor Viktorovich and Voronov, B. L.},
  title     = {Self-adjoint Extensions in Quantum Mechanics},
  year      = {2012},
  subtitle  = {General Theory and Applications to Schrödinger and Dirac Equations with Singular Potentials},
  publisher = {Birkhäuser Boston},
  doi       = {10.1007/978-0-8176-4662-2},
  owner     = {yfwang},
  timestamp = {2018.04.04},
}

@Comment{jabref-meta: databaseType:biblatex;}
