% This file was created with JabRef 2.10.
% Encoding: UTF8


@Article{Landau_1930,
  Title                    = {Diamagnetismus der Metalle},
  Author                   = {Landau, Lev Davidovich},
  Journal                  = {Zeitschrift f{\"u}r Physik},
  Year                     = {1930},

  Month                    = {sep},
  Number                   = {9-10},
  Pages                    = {629--637},
  Volume                   = {64},

  Doi                      = {10.1007/bf01397213},
  Owner                    = {yfwang},
  Publisher                = {Springer Nature},
  Timestamp                = {2017.10.10},
  Url                      = {https://doi.org/10.1007%2Fbf01397213}
}

@Book{mosel2004,
  Title                    = {Path Integrals in Field Theory},
  Author                   = {Mosel, Ulrich},
  Publisher                = {Springer Berlin Heidelberg},
  Year                     = {2004},

  Doi                      = {10.1007/978-3-642-18797-1},
  Owner                    = {yfwang},
  Timestamp                = {2017.10.09},
  Url                      = {https://doi.org/10.1007/978-3-642-18797-1}
}

@Online{resetsky2012,
  Title                    = {Lecture on Advanced Theoretical Hadron Physics},
  Author                   = {Rusetsky, Akaki and Mei{\ss}ner, Ulf-G.},
  Owner                    = {yfwang},
  Timestamp                = {2017.10.10},
  Url                      = {https://www.hiskp.uni-bonn.de/index.php?id=239}
}

@Book{weinberg1995,
  Title                    = {The Quantum Theory of Fields},
  Author                   = {Weinberg, Steven},
  Publisher                = {Cambridge University Press},
  Year                     = {1995},
  Volume                   = {I: Foundations},

  Doi                      = {10.1017/cbo9781139644167},
  ISBN                     = {978-0521550017},
  Slaccitation             = {%%CITATION = INSPIRE-406190;%%},
  Url                      = {https://doi.org/10.1017%2Fcbo9781139644167}
}

@comment{jabref-meta: databaseType:bibtex;}

@comment{jabref-entrytype: Online: req[] opt[]}

